<?xml version="1.0" encoding="UTF-8"?><record xmlns="http://www.loc.gov/MARC21/slim" xmlns:cinclude="http://apache.org/cocoon/include/1.0" xmlns:zs="http://www.loc.gov/zing/srw/">
  <leader>00420nz  a2200133n  4500</leader>
  <controlfield tag="001">nb2012012266</controlfield>
  <controlfield tag="003">DLC</controlfield>
  <controlfield tag="005">20120518075031.0</controlfield>
  <controlfield tag="008">120516n| acannaabn          |n aaa      </controlfield>
  <datafield tag="010" ind1=" " ind2=" ">
    <subfield code="a">nb2012012266</subfield>
  </datafield>
  <datafield tag="035" ind1=" " ind2=" ">
    <subfield code="a">(Uk)008478962</subfield>
  </datafield>
  <datafield tag="040" ind1=" " ind2=" ">
    <subfield code="a">Uk</subfield>
    <subfield code="b">eng</subfield>
    <subfield code="c">Uk</subfield>
  </datafield>
  <datafield tag="100" ind1="1" ind2=" ">
    <subfield code="a">Bigwood, Andy</subfield>
  </datafield>
  <datafield tag="670" ind1=" " ind2=" ">
    <subfield code="a">The sixty arts of Andy Bigwood, 2011:</subfield>
    <subfield code="b">t.p. (Andy Bigwood) back cover (fiction and fantasy art by BSFA award winning artist Andy Bigwood)</subfield>
  </datafield>
</record>